<record xmlns="http://www.loc.gov/MARC21/slim" xmlns:xsi="http://www.w3.org/2001/XMLSchema-instance" xsi:schemaLocation="http://www.loc.gov/MARC21/slim http://www.loc.gov/standards/marcxml/schema/MARC21slim.xsd"><leader>00000nam  2200000uu 4500</leader><controlfield tag="001">5699005676</controlfield><controlfield tag="008">040930s2003    ru |||||||||||||||||rus||</controlfield><datafield ind1=" " ind2=" " tag="020"><subfield code="a">5699005676</subfield><subfield code="q">kovakantinen</subfield></datafield><datafield ind1="0" ind2=" " tag="041"><subfield code="a">rus</subfield></datafield><datafield ind1=" " ind2=" " tag="084"><subfield code="a">84.71</subfield><subfield code="2">ykl</subfield></datafield><datafield ind1=" " ind2=" " tag="091"><subfield code="a">89</subfield></datafield><datafield ind1=" " ind2=" " tag="094"><subfield code="a">84.71</subfield></datafield><datafield ind1=" " ind2=" " tag="095"><subfield code="a">8.4</subfield></datafield><datafield ind1=" " ind2=" " tag="097"><subfield code="a">84.71</subfield></datafield><datafield ind1="1" ind2=" " tag="100"><subfield code="a">Pu&#353;kin, Aleksandr,</subfield><subfield code="e">kirjoittaja</subfield></datafield><datafield ind1="1" ind2="0" tag="245"><subfield code="a">Jevgeni Onegin ; Proza /</subfield><subfield code="c">A. S. Pu&#353;kin</subfield></datafield><datafield ind1=" " ind2=" " tag="250"><subfield code="a">2004</subfield></datafield><datafield ind1=" " ind2=" " tag="260"><subfield code="a">Moskva :</subfield><subfield code="b">Eksmo-Press,</subfield><subfield code="c">2003</subfield></datafield><datafield ind1=" " ind2=" " tag="300"><subfield code="a">637 sivua</subfield></datafield><datafield ind1=" " ind2=" " tag="336"><subfield code="a">teksti</subfield><subfield code="b">txt</subfield><subfield code="2">rdacontent</subfield></datafield><datafield ind1=" " ind2=" " tag="337"><subfield code="a">k&#228;ytett&#228;viss&#228; ilman laitetta</subfield><subfield code="b">n</subfield><subfield code="2">rdamedia</subfield></datafield><datafield ind1=" " ind2=" " tag="338"><subfield code="a">nide</subfield><subfield code="b">nc</subfield><subfield code="2">rdacarrier</subfield></datafield><datafield ind1="0" ind2=" " tag="490"><subfield code="a">Russkaja klassika</subfield></datafield><datafield ind1="0" ind2=" " tag="505"><subfield code="a">Jevgeni Onegin -- Arap Petra Velikogo -- Kapitanskaja dot&#353;ka -- Dubrovski -- Roslavlev -- Pikovaja dama -- Kirdzali -- Jegipetskije not&#353;i -- Pute&#353;estvije v Arzrum -- Vo vremja pohoda 1829 goda -- Istorija Pugat&#353;ova -- Istorija sela Gorjuhina</subfield></datafield><datafield ind1=" " ind2=" " tag="574"><subfield code="a">Luett. maria.kotila@hel.di</subfield></datafield><datafield ind1="1" ind2="4" tag="600"><subfield code="a">Pu&#353;kin, Aleksandr</subfield></datafield><datafield ind1=" " ind2="7" tag="655"><subfield code="a">muistelmat</subfield><subfield code="2">slm/fin</subfield><subfield code="0">http://urn.fi/URN:NBN:fi:au:slm:s286</subfield></datafield><datafield ind1=" " ind2="7" tag="655"><subfield code="a">kokoomateokset</subfield><subfield code="2">slm/fin</subfield><subfield code="0">http://urn.fi/URN:NBN:fi:au:slm:s963</subfield></datafield><datafield ind1=" " ind2="7" tag="655"><subfield code="a">s&#228;eromaanit</subfield><subfield code="2">slm/fin</subfield><subfield code="0">http://urn.fi/URN:NBN:fi:au:slm:s179</subfield></datafield><datafield ind1=" " ind2="7" tag="655"><subfield code="a">pienoisromaanit</subfield><subfield code="2">slm/fin</subfield><subfield code="0">http://urn.fi/URN:NBN:fi:au:slm:s388</subfield></datafield><datafield ind1=" " ind2="7" tag="655"><subfield code="a">kertomukset</subfield><subfield code="2">slm/fin</subfield><subfield code="0">http://urn.fi/URN:NBN:fi:au:slm:s618</subfield></datafield><datafield ind1=" " ind2="7" tag="655"><subfield code="a">novellit</subfield><subfield code="2">slm/fin</subfield><subfield code="0">http://urn.fi/URN:NBN:fi:au:slm:s27</subfield></datafield><datafield ind1=" " ind2="7" tag="655"><subfield code="a">romaanit</subfield><subfield code="2">slm/fin</subfield><subfield code="0">http://urn.fi/URN:NBN:fi:au:slm:s518</subfield></datafield><datafield ind1=" " ind2="7" tag="655"><subfield code="a">kaunokirjallisuus</subfield><subfield code="2">slm/fin</subfield><subfield code="0">http://urn.fi/URN:NBN:fi:au:slm:s975</subfield></datafield><datafield ind1=" " ind2="7" tag="655"><subfield code="a">ven&#228;j&#228;nkielinen kirjallisuus</subfield><subfield code="2">local</subfield></datafield><datafield ind1=" " ind2=" " tag="852"><subfield code="x">Helsingin luokanmuutos 28.4.2026</subfield></datafield></record>